<record><leader>00000cas a22000007a 4500</leader><controlfield tag="001">20362525</controlfield><controlfield tag="008">890918d19011950aruwr ne      0    0eng d</controlfield><datafield ind1=" " ind2=" " tag="010"><subfield code="a">sn 89051334 </subfield></datafield><datafield ind1=" " ind2=" " tag="040"><subfield code="a">ANU</subfield><subfield code="b">eng</subfield><subfield code="c">ANU</subfield><subfield code="d">OCLCQ</subfield><subfield code="d">OCLCF</subfield><subfield code="d">OCLCO</subfield></datafield><datafield ind1=" " ind2=" " tag="042"><subfield code="a">msc</subfield></datafield><datafield ind1=" " ind2=" " tag="043"><subfield code="a">n-us-ar</subfield></datafield><datafield ind1="0" ind2=" " tag="130"><subfield code="a">Monroe County citizen (Brinkley, Ark.)</subfield></datafield><datafield ind1="1" ind2="0" tag="245"><subfield code="a">Monroe County citizen.</subfield></datafield><datafield ind1=" " ind2=" " tag="260"><subfield code="a">Brinkley, Monroe County, Ark. :</subfield><subfield code="b">Walter B. Williams</subfield></datafield><datafield ind1=" " ind2=" " tag="300"><subfield code="a">v.</subfield></datafield><datafield ind1=" " ind2=" " tag="310"><subfield code="a">Weekly</subfield></datafield><datafield ind1="1" ind2=" " tag="362"><subfield code="a">Began in 1901.</subfield></datafield><datafield ind1="0" ind2=" " tag="362"><subfield code="a">-v. 73, no. 49 (Dec. 29, 1949).</subfield></datafield><datafield ind1=" " ind2=" " tag="580"><subfield code="a">Continues: Monroe County times (non-extant).</subfield></datafield><datafield ind1=" " ind2=" " tag="588"><subfield code="a">Description based on: Vol. 32, no. 38 (Mar. 25, 1910).</subfield></datafield><datafield ind1=" " ind2="0" tag="651"><subfield code="a">Brinkley (Ark.)</subfield><subfield code="v">Newspapers.</subfield></datafield><datafield ind1=" " ind2="7" tag="655"><subfield code="a">Newspapers.</subfield><subfield code="2">fast</subfield><subfield code="0">(OCoLC)fst01423814</subfield></datafield><datafield ind1=" " ind2="7" tag="651"><subfield code="a">Arkansas</subfield><subfield code="z">Brinkley.</subfield><subfield code="2">fast</subfield><subfield code="0">(OCoLC)fst01215409</subfield></datafield><datafield ind1=" " ind2=" " tag="752"><subfield code="a">United States</subfield><subfield code="b">Arkansas</subfield><subfield code="c">Monroe</subfield><subfield code="d">Brinkley.</subfield></datafield><datafield ind1="1" ind2="0" tag="780"><subfield code="t">Monroe County times</subfield></datafield><datafield ind1="0" ind2="0" tag="785"><subfield code="t">Citizen (Brinkley, Ark.)</subfield><subfield code="w">(DLC)sn 91050001</subfield></datafield></record>